@Article{Do2008,
author={Do, Chuong B.
and Batzoglou, Serafim},
title={What is the expectation maximization algorithm?},
journal={Nature Biotechnology},
year={2008},
month={Aug},
day={01},
volume={26},
number={8},
pages={897-899},
abstract={The expectation maximization algorithm arises in many computational biology applications that involve probabilistic models. What is it good for, and how does it work?},
issn={1546-1696},
doi={10.1038/nbt1406},
url={https://doi.org/10.1038/nbt1406}
}